
  <record>
    <controlfield tag="001">464</controlfield>
    <datafield tag="024" ind1="7" ind2=" ">
      <subfield code="2">DOI</subfield>
      <subfield code="a">10.7483/OPENDATA.CMS.11RI.SDX7</subfield>
    </datafield>
    <datafield tag="100" ind1=" " ind2=" ">
      <subfield code="a">Lassila-Perini, Kati</subfield>
    </datafield>
    <datafield tag="245" ind1=" " ind2=" ">
      <subfield code="a">Validation code to plot basic physics objects from AOD</subfield>
    </datafield>
    <datafield tag="256" ind1=" " ind2=" ">
      <subfield code="a">Software</subfield>
      <subfield code="f">1</subfield>
      <subfield code="t">file</subfield>
    </datafield>
    <datafield tag="256" ind1=" " ind2=" ">
      <subfield code="b">0</subfield>
      <subfield code="t">bytes</subfield>
    </datafield>
    <datafield tag="260" ind1=" " ind2=" ">
      <subfield code="b">CERN Open Data Portal</subfield>
      <subfield code="c">2017</subfield>
    </datafield>
    <datafield tag="264" ind1=" " ind2="0">
      <subfield code="c">2017</subfield>
    </datafield>
    <datafield tag="516" ind1=" " ind2=" ">
      <subfield code="a">Use this with the following datasets:</subfield>
      <subfield code="w">24</subfield>
      <subfield code="w">463</subfield>
    </datafield>
    <datafield tag="520" ind1=" " ind2=" ">
      <subfield code="a">This is a simple comparison code to validate the reprocessing step on the Open Data VM by comparing the resulting file (newly rereconstructed from the RAW data sample available on the Open Data Portal) and the original AOD (also available on the Open Data portal). It loops over different physics objects (tracks, electrons, muons, photons, jets, taus and missing et) and fills histograms with P, pt, eta and phi of these objects.</subfield>
    </datafield>
    <datafield tag="538" ind1=" " ind2=" ">
      <subfield code="a">Software release: CMSSW_5_3_32</subfield>
      <subfield code="i">Use this code with the CMS Open Data VM environment for 2011 open data</subfield>
      <subfield code="w">252</subfield>
    </datafield>
    <datafield tag="540" ind1=" " ind2=" ">
      <subfield code="a">GNU General Public License (GPL) version 3</subfield>
    </datafield>
    <datafield tag="581" ind1=" " ind2=" ">
      <subfield code="a"><![CDATA[ <p>If you do not have the CERN Virtual Machine for 2011 CMS data installed, follow the instructions in step 1 and step 2 at <a href="/VM/CMS/2011">How to install a CERN Virtual Machine</a>.
      Then follow the instructions in <a href="https://github.com/cms-opendata-validation/2011-mimimunbias-compare-rereco/blob/master/README.md">GitHub</a>.</p> ]]></subfield>
    </datafield>
    <datafield tag="693" ind1=" " ind2=" ">
      <subfield code="a">CERN-LHC</subfield>
      <subfield code="e">CMS</subfield>
    </datafield>
    <datafield tag="964" ind1=" " ind2="0">
      <subfield code="c">Run2011A</subfield>
    </datafield>
    <datafield tag="980" ind1=" " ind2=" ">
      <subfield code="a">CMS-Tools</subfield>
    </datafield>
    <datafield tag="980" ind1=" " ind2=" ">
      <subfield code="b">Research</subfield>
    </datafield>
  </record>
</collection>